<?xml version="1.0" encoding="UTF-8"?><collection xmlns="http://www.loc.gov/MARC21/slim"><record><leader>00470nam--2200169-i-4500</leader><controlfield tag="001">000017270</controlfield><controlfield tag="002">20161230</controlfield><controlfield tag="005">20170116230608</controlfield><controlfield tag="008">060222s1000------------r-----000-0-eng-d</controlfield><datafield ind1=" " ind2=" " tag="080"><subfield code="a">681.3.066</subfield></datafield><datafield ind1=" " ind2=" " tag="100"><subfield code="a">Abnous, Razmik</subfield></datafield><datafield ind1=" " ind2=" " tag="245"><subfield code="a">Object orientation concepts, languages, detabases, user, interfaces</subfield></datafield><datafield ind1=" " ind2=" " tag="260"><subfield code="a">New York</subfield><subfield code="b">John Wiley And Sons, Inc</subfield><subfield code="c">1990</subfield></datafield><datafield ind1=" " ind2=" " tag="300"><subfield code="a">XIV + 434 p</subfield></datafield><datafield ind1=" " ind2=" " tag="700"><subfield code="a">Khoshafian, Setrag</subfield></datafield><datafield ind1=" " ind2=" " tag="852"><subfield code="a">80245</subfield></datafield><datafield ind1=" " ind2=" " tag="CAT"><subfield code="a">SYS</subfield><subfield code="c">20170116</subfield><subfield code="h">230608</subfield></datafield></record></collection>